00598cas a22002291a 4500
001 9917737963502836
003 Nz
005 20161223172955.0
008 040108d188uuuuunz  r ne      0   0 eng d
035    $a (Nz)8173715
035    $a (OCoLC)947774549
035    $a (NLNZils)1773796
035    $a (NLNZils)1773796-ilsdb
040    $a WN $c WN
042    $a nznb
043    $a u-nz---
245 00 $a North East Valley weekly advertiser.
260    $a Dunedin [N.Z.]
310    $a Weekly
362 0  $a 188-?-?
651  0 $a North East Valley (Dunedin, N.Z.) $v Newspapers.
655  7 $a New Zealand newspapers. $2 local $5 Nz
